@book{Tanenbaum.2014,
 author = {Tanenbaum, Andrew S. and Bos, Herbert},
 year = {2014},
 title = {Modern operating systems},
 address = {Upper Saddle River, New Jersey},
 edition = {4th edition},
 publisher = {{Pearson Education, Inc.}},
 isbn = {ISBN-10: 0-13-359162-X}
}
